<?xml version="1.0" encoding="UTF-8"?><record xmlns="http://www.loc.gov/MARC21/slim" xmlns:cinclude="http://apache.org/cocoon/include/1.0" xmlns:zs="http://www.loc.gov/zing/srw/">
  <leader>01342cz  a2200301n  4500</leader>
  <controlfield tag="001">n  81039639 </controlfield>
  <controlfield tag="003">DLC</controlfield>
  <controlfield tag="005">20100514075110.0</controlfield>
  <controlfield tag="008">810430n| acannaabn          |a ana      </controlfield>
  <datafield tag="010" ind1=" " ind2=" ">
    <subfield code="a">n  81039639 </subfield>
    <subfield code="z">n  90662275 </subfield>
  </datafield>
  <datafield tag="034" ind1=" " ind2=" ">
    <subfield code="d">E0112700</subfield>
    <subfield code="e">E0112700</subfield>
    <subfield code="f">N0480900</subfield>
    <subfield code="g">N0480900</subfield>
    <subfield code="2">other</subfield>
  </datafield>
  <datafield tag="035" ind1=" " ind2=" ">
    <subfield code="a">(OCoLC)oca00585250</subfield>
  </datafield>
  <datafield tag="040" ind1=" " ind2=" ">
    <subfield code="a">DLC</subfield>
    <subfield code="b">eng</subfield>
    <subfield code="c">DLC</subfield>
    <subfield code="d">DLC</subfield>
    <subfield code="d">NNC</subfield>
    <subfield code="d">DLC</subfield>
    <subfield code="d">OCoLC</subfield>
  </datafield>
  <datafield tag="151" ind1=" " ind2=" ">
    <subfield code="a">Munich-Pasing (Munich, Germany)</subfield>
  </datafield>
  <datafield tag="410" ind1="1" ind2=" ">
    <subfield code="a">Munich (Germany).</subfield>
    <subfield code="b">Munich-Pasing</subfield>
  </datafield>
  <datafield tag="451" ind1=" " ind2=" ">
    <subfield code="a">München-Pasing (Munich, Germany)</subfield>
  </datafield>
  <datafield tag="451" ind1=" " ind2=" ">
    <subfield code="a">Pasing (Munich, Germany)</subfield>
  </datafield>
  <datafield tag="551" ind1=" " ind2=" ">
    <subfield code="w">a</subfield>
    <subfield code="a">Pasing (Germany)</subfield>
  </datafield>
  <datafield tag="667" ind1=" " ind2=" ">
    <subfield code="a">For publications issued after 1938</subfield>
  </datafield>
  <datafield tag="667" ind1=" " ind2=" ">
    <subfield code="a">SUBJECT USAGE: This heading is not valid for use as a geographic subdivision.</subfield>
  </datafield>
  <datafield tag="670" ind1=" " ind2=" ">
    <subfield code="a">Oberhofer, B. Pasing, 1980 (subj.)</subfield>
    <subfield code="b">t.p. (Pasing) p. 115 (became a Stadtteil of Munich in 1938)</subfield>
  </datafield>
  <datafield tag="670" ind1=" " ind2=" ">
    <subfield code="a">BGN</subfield>
    <subfield code="b">(München-Pasing, W. Ger.; SECP; 48 09 N, 11 27 E, Bayern)</subfield>
  </datafield>
  <datafield tag="670" ind1=" " ind2=" ">
    <subfield code="a">Müllers grosses dt. Ortsb., 1977</subfield>
    <subfield code="b">(München-Pasing)</subfield>
  </datafield>
  <datafield tag="670" ind1=" " ind2=" ">
    <subfield code="a">Dt. Bundesadressb., 1979</subfield>
    <subfield code="b">(under München: Stadtteil Pasing)</subfield>
  </datafield>
  <datafield tag="670" ind1=" " ind2=" ">
    <subfield code="a">Von der villa zum Reihenhaus, 1997:</subfield>
    <subfield code="b">t.p. (Pasinger Gymnasiumskolonie)</subfield>
  </datafield>
  <datafield tag="670" ind1=" " ind2=" ">
    <subfield code="a">Unser Deutschland, 1986/87</subfield>
    <subfield code="b">(Pasing, München)</subfield>
  </datafield>
  <datafield tag="670" ind1=" " ind2=" ">
    <subfield code="a">Deutschland ADAC ProfiAtlas, 2002:</subfield>
    <subfield code="b">p. 565 (Pasing, München)</subfield>
  </datafield>
  <datafield tag="675" ind1=" " ind2=" ">
    <subfield code="a">Die Bundesrep., Teilausg. Bayern, 1980-81.</subfield>
  </datafield>
</record>